<record><leader>00000cas a22000007a 4500</leader><controlfield tag="001">14877664</controlfield><controlfield tag="008">861126d18971898iauwr ne      0    0eng d</controlfield><datafield ind1=" " ind2=" " tag="010"><subfield code="a">sn 86060273 </subfield></datafield><datafield ind1=" " ind2=" " tag="040"><subfield code="a">INP</subfield><subfield code="b">eng</subfield><subfield code="c">INP</subfield><subfield code="d">OCLCQ</subfield></datafield><datafield ind1=" " ind2=" " tag="042"><subfield code="a">msc</subfield></datafield><datafield ind1="0" ind2=" " tag="130"><subfield code="a">Enterprise (Lohrville, Iowa)</subfield></datafield><datafield ind1="1" ind2="4" tag="245"><subfield code="a">The enterprise.</subfield></datafield><datafield ind1=" " ind2=" " tag="260"><subfield code="a">Lohrville, Calhoun County, Iowa :</subfield><subfield code="b">J.L. Clark,</subfield><subfield code="c">1897-1898.</subfield></datafield><datafield ind1=" " ind2=" " tag="300"><subfield code="a">2 v. :</subfield><subfield code="b">ill. ;</subfield><subfield code="c">50 cm.</subfield></datafield><datafield ind1=" " ind2=" " tag="310"><subfield code="a">Weekly</subfield></datafield><datafield ind1="0" ind2=" " tag="362"><subfield code="a">Vol. 8, no. 21 (Apr. 16, 1897)-v. 9, no. 52 (Nov. 25, 1898).</subfield></datafield><datafield ind1=" " ind2=" " tag="500"><subfield code="a">Publisher varies.</subfield></datafield><datafield ind1=" " ind2=" " tag="515"><subfield code="a">Vol. 8, no. 21 (Apr. 16, 1897) repeats numbering of last issue of previous title.</subfield></datafield><datafield ind1=" " ind2=" " tag="752"><subfield code="a">United States</subfield><subfield code="b">Iowa</subfield><subfield code="c">Calhoun</subfield><subfield code="d">Lohrville.</subfield></datafield><datafield ind1="0" ind2="0" tag="780"><subfield code="t">Lohrville enterprise (Lohrville, Iowa : 1889)</subfield><subfield code="w">(DLC)sn 86060271</subfield></datafield><datafield ind1="0" ind2="0" tag="785"><subfield code="t">Lohrville enterprise (Lohrville, Iowa : 1898)</subfield><subfield code="w">(DLC)sn 86060274</subfield></datafield></record>